<?xml version="1.0" encoding="UTF-8"?><collection><record><leader>05704ntm a2200493 a 4500</leader><controlfield tag="001">005984407</controlfield><controlfield tag="003">MiAaHDL</controlfield><controlfield tag="005">20190719000000.0</controlfield><controlfield tag="006">m        d        </controlfield><controlfield tag="007">cr bn ---auaua</controlfield><controlfield tag="008">090403s14uu    xx            00| ||ara d</controlfield><datafield tag="035" ind1=" " ind2=" "><subfield code="a">(MiU)005984407</subfield></datafield><datafield tag="035" ind1=" " ind2=" "><subfield code="a">sdr-miu005984407</subfield></datafield><datafield tag="040" ind1=" " ind2=" "><subfield code="a">MiU</subfield><subfield code="c">MiU</subfield><subfield code="e">amremm</subfield></datafield><datafield tag="043" ind1=" " ind2=" "><subfield code="a">n-us-mi</subfield></datafield><datafield tag="100" ind1="1" ind2=" "><subfield code="6">880-01</subfield><subfield code="a">Samarqandī, Muḥammad ibn Ashraf,</subfield><subfield code="d">active 13th century.</subfield></datafield><datafield tag="245" ind1="1" ind2="3"><subfield code="6">880-03</subfield><subfield code="a">al-Ṣaḥāʼif al-ilāhīyah,</subfield><subfield code="f">[15th century?].</subfield></datafield><datafield tag="260" ind1=" " ind2=" "><subfield code="c">[14--?]</subfield></datafield><datafield tag="300" ind1=" " ind2=" "><subfield code="a">84 leaves :</subfield><subfield code="b">paper ;</subfield><subfield code="c">206 x 120 (150 x 80) mm. bound to 208 x 123 mm.</subfield></datafield><datafield tag="500" ind1=" " ind2=" "><subfield code="a">Shelfmark: Ann Arbor, University of Michigan, Special Collections Library, Isl. Ms. 29</subfield></datafield><datafield tag="500" ind1=" " ind2=" "><subfield code="a">Origin: Lacks dated colophon. Paper and hand may suggest late 15th century. Replacement leaves very likely date from early 19th century. Perhaps signature of glossator on p.152 "تم هذا [...؟] على يدي المذنب اليه ... محمد بن الحاج علي في سلخ ... [؟]".</subfield></datafield><datafield tag="500" ind1=" " ind2=" "><subfield code="a">Accompanying materials: Two blank slips (paginated pp.101-102 and pp.109-110).</subfield></datafield><datafield tag="500" ind1=" " ind2=" "><subfield code="a">Former shelfmark: British Museum, London "No. 93. Al-Akaid." ; "٣۹۷" on tail of textblock.</subfield></datafield><datafield tag="500" ind1=" " ind2=" "><subfield code="a">Binding: Pasteboards faced in marbled paper (blue, green and pink) with spine, fore-edge and edges/turn-ins in red leather (marbled paper faced, leather edged, framed binding) ; Type II binding (with flap) ; pastedowns and flyleaves in yellow European laid paper ; sewn in white thread, two stations (primaries in rose) ; fine worked endbands in blue-green and yellow ; in fair condition with some abrasion, staining, etc.</subfield></datafield><datafield tag="500" ind1=" " ind2=" "><subfield code="a">Support: non-European paper, furnish extremely cloudy, likely laid but any laid and chain lines are extremely diffuse and difficult to see ; repairs in European paper ; replacement leaves at opening and close in a variety of papers - European laid, European wove, and non-European ; flyleaves and some replacement leaves in European laid paper with "E A D" mark visible.</subfield></datafield><datafield tag="500" ind1=" " ind2=" "><subfield code="a">Decoration: Text rubricated with keywords, section headings, overlining, sigla and other abbreviations in red.</subfield></datafield><datafield tag="500" ind1=" " ind2=" "><subfield code="a">Script: Naskh ; two main hands ; bulk of the text in a Turkish (?) hand, virtually serifless, rounded, freely ligatured, with slight tilt to the left, mainly closed counters, some sweeping descenders ; replacement leaves at opening and close in an Ottoman nastaʻlīq (talik), serifless, with mainly closed counters, effect of tilt to the right and words descending to baseline, extended in the horiztonal ; glosses in more angular nastaʻlīq (talik).</subfield></datafield><datafield tag="500" ind1=" " ind2=" "><subfield code="a">Layout: Written in 21-29 lines per page ; frame-ruled.</subfield></datafield><datafield tag="500" ind1=" " ind2=" "><subfield code="a">Collation: i, VI-1+1 (12), 5 VI(72), VI-11 (73), III+2 (81), I+1 (84), i ; chiefly sexternions ; final leaf left blank ; catchwords present ; pagination in pencil, Western numerals, supplied during digitization (includes flyleaves and inserts, skips two pages between pp.171-172).</subfield></datafield><datafield tag="500" ind1=" " ind2=" "><subfield code="a">Explicit: "يكون امامة كل من الخلفاء الاربعة حقا هذا ما عندي والله اعلم بجميع السرائر. خاتمة الكتاب ايها الراغب الى تحقيق الحق ... والثاني الشوق الى الحق ذلك فضل الله يؤتيه من يشاء والله واسع عليم والحمد لله رب العالمين والصلى الله على نبينا محمد خير البرية وعترته الطيبين تم تم تم"</subfield></datafield><datafield tag="500" ind1=" " ind2=" "><subfield code="a">Incipit: "الحمد لله الذي استحق الوجود والوحدة بالذات ... اما بعد فان العلوم وان تنوع افسامها وتفرع انقسامها لكن اشرفها مرتبة واعلاها منزلة هو العلم الآلهي ... فدعاني هذه المعاني تصنيف كتاب ... وسيته بالصحائف الآلهية ورتبته على مقصدين الاول في المبادي والثاني في المسائل ... واسوهبت من الله تعالى الهام الحق وافهام الصدق انه عليم بالصواب واليه المرجع والمآب ..."</subfield></datafield><datafield tag="500" ind1=" " ind2=" "><subfield code="a">Title provided by cataloguer.</subfield></datafield><datafield tag="500" ind1=" " ind2=" "><subfield code="a">Ms. codex.</subfield></datafield><datafield tag="510" ind1="4" ind2=" "><subfield code="a">Brockelmann, C. GAL,</subfield><subfield code="c">I, 468</subfield></datafield><datafield tag="520" ind1="8" ind2=" "><subfield code="a">Fine copy of the treatise on theological matters by Shams al-Dīn Muḥammad ibn Ashraf al-Samarqandī (d.1303?).</subfield></datafield><datafield tag="538" ind1=" " ind2=" "><subfield code="a">Mode of access: Internet.</subfield></datafield><datafield tag="541" ind1=" " ind2=" "><subfield code="c">Purchase ;</subfield><subfield code="a">Acquired by purchase along with Abdul Hamid Collection (funds donated by Horace Rackham).</subfield><subfield code="d">1924.</subfield></datafield><datafield tag="546" ind1=" " ind2=" "><subfield code="a">Arabic.</subfield></datafield><datafield tag="561" ind1=" " ind2=" "><subfield code="a">Bookplate of British Museum, London on inner front cover,"British Museum, London. No. 93. Al-Akaid." ; circular seal impression with figure of goat/gazelle in purple ink as well as inscription "377" in Western numerals on front flyleaf (p.1) ; circular waqf-seal impression in black ink appears on fol.1a (p.3) and several places throughout reads: "هذا وقف الراجي فيض الصمدي الشيخ احمد ضيا الدين ابن مصطفى الخالدي فمن بدله بعد ما سمعه فانما اثمه على الذين يبدلونه" in name of Aḥmad Ḍiyāʼ al-Dīn ibn Muṣṭafá al-Khālidī (i.e. Ahmed Ziyâüddîn Gümüşhanevî, d. 1893 or 4) ; numerous marginal and interlinear glosses and corrections.</subfield></datafield><datafield tag="650" ind1=" " ind2="0"><subfield code="a">Manuscripts, Arabic</subfield><subfield code="z">Michigan</subfield><subfield code="z">Ann Arbor.</subfield></datafield><datafield tag="650" ind1=" " ind2="0"><subfield code="a">Islam</subfield><subfield code="x">Doctrines</subfield><subfield code="v">Early works to 1800.</subfield></datafield><datafield tag="773" ind1="0" ind2=" "><subfield code="a">Tiflis Collection.</subfield></datafield><datafield tag="880" ind1="1" ind2="2"><subfield code="6">245-03/</subfield><subfield code="a">الصحائف الالهية,</subfield><subfield code="f">[القرن 15م؟].</subfield></datafield><datafield tag="880" ind1="1" ind2=" "><subfield code="6">100-01/</subfield><subfield code="a">سمرقندي، محمد بن اشرف.</subfield></datafield><datafield tag="CID" ind1=" " ind2=" "><subfield code="a">005984407</subfield></datafield><datafield tag="DAT" ind1="0" ind2=" "><subfield code="a">20190719102633.0</subfield><subfield code="b">20190719000000.0</subfield></datafield><datafield tag="DAT" ind1="1" ind2=" "><subfield code="a">20190719090653.0</subfield><subfield code="b">2019-07-19T16:11:08Z</subfield></datafield><datafield tag="DAT" ind1="2" ind2=" "><subfield code="a">2015-10-10T18:00:06Z</subfield></datafield><datafield tag="CAT" ind1=" " ind2=" "><subfield code="a">SDR-MIU</subfield><subfield code="d">EX LIBRIS - ALEPH</subfield><subfield code="l">prepare.pl-004-008</subfield></datafield><datafield tag="FMT" ind1=" " ind2=" "><subfield code="a">BK</subfield></datafield><datafield tag="HOL" ind1=" " ind2=" "><subfield code="0">sdr-miu005984407</subfield><subfield code="a">MiU</subfield><subfield code="b">SDR</subfield><subfield code="c">MIU</subfield><subfield code="p">mdp.39015079105477</subfield><subfield code="s">MIU</subfield><subfield code="1">005984407</subfield></datafield><datafield tag="974" ind1=" " ind2=" "><subfield code="b">MIU</subfield><subfield code="c">MIU</subfield><subfield code="d">20190719</subfield><subfield code="s">lit-dlps-dc</subfield><subfield code="u">mdp.39015079105477</subfield><subfield code="y">1499</subfield><subfield code="r">pd</subfield><subfield code="q">bib</subfield><subfield code="t">non-US bib date1 &lt; 1896</subfield></datafield></record></collection>